% Encoding: UTF-8

@Article{,
}

@Article{Rezzolla2003,
  author = {Rezzolla, Luciano},
  title  = {Gravitational Waves from Perturbed Black Holes and Relativistic Stars},
  year   = {2003},
  month  = {03},
}

@Comment{jabref-meta: databaseType:bibtex;}
