@ARTICLE{cornish,
       author = {{Cornish}, Neil J. and {Larson}, Shane L.},
        title = "{Space missions to detect the cosmic gravitational-wave background}",
      journal = {Classical and Quantum Gravity},
     keywords = {General Relativity and Quantum Cosmology, Astrophysics},
         year = 2001,
        month = sep,
       volume = {18},
       number = {17},
        pages = {3473-3495},
          doi = {10.1088/0264-9381/18/17/308},
archivePrefix = {arXiv},
       eprint = {gr-qc/0103075},
 primaryClass = {gr-qc},
       adsurl = {https://ui.adsabs.harvard.edu/abs/2001CQGra..18.3473C},
      adsnote = {Provided by the SAO/NASA Astrophysics Data System}
}

